
@ARTICLE{bib1,
  author = {В. В. Дмитриева, Р. А. Бухаров},
  title = {Микропроцессорная система управления скоростью движения ленты конвейера},
  journal = {Горный информационно-аналитический бюллетень. Mining informational and analytical bulletin.},
  year = {2011.--№10}
}

@ARTICLE{bib2,
  author = {Р. А. Бухаров},
  title = {Методы управления скоростью движения ленты магистрального конвейера},
  journal = {Горный информационно-аналитический бюллетень. Mining informational and analytical bulletin.},
  year = {2012.--№12}
}

@ARTICLE{bib3,
  author = {Р. А. Бухаров},
  title = {Интеграция среды моделирования simulink и аппаратного обеспечения систем управления на примере контроллера siemens s7-200},
  journal = {Горный информационно-аналитический бюллетень. Mining informational and analytical bulletin.},
  year = {2014.--№2}
}

@ARTICLE{bib4,
  author = {Р. А. Бухаров},
  title = {Разработка и компьютреное моделирование алгоритма управления торможением шахтного ленточного конвейера, обеспечивающего отсутствие проскальзывания ленты},
  journal = {Горный информационно-аналитический бюллетень. Mining informational and analytical bulletin.},
  year = {2014.--№n}
}

@ARTICLE{bib6,
  author = {Р. А. Бухаров},
  title = {Разработка и компьютерное моделирование алгоритма управления для оптимизации процесса торможения магистрального ленточного конвейера},
  journal = {Научный вестник МГГУ},
  year = {2014.--№3}
}

@ARTICLE{bib7,
  author = {В. В. Дмитриева, Р. А. Бухаров},
  title = {Интеграция среды моделирования simulink и аппаратного обеспечения систем управления},
  journal = {Научный вестник МГГУ},
  year = {2011.--№10}
}

@ARTICLE{bib8,
  author = {В. В. Дмитриева, Р. А. Бухаров},
  title = {Микропроцессорная система управления скоростью движения ленты конвейера},
  journal = {Кафедре <<Автоматики и управления в технических системах>> Московского государственного горного университета -- 50 лет},
  year = {2010}
}

@ARTICLE{bib9,
  author = {В. В. Дмитриева, Р. А. Бухаров},
  title = {Методика компьютерной имитации системы стабилизации тягового фактора ленточного конвейера},
  journal = {Горный информационно-аналитический бюллетень. Mining informational and analytical bulletin.},
  year = {2015.--№1}
}


@BOOK{bib2000,
  title = {Название книги},
  publisher = {Издательство},
  year = {2012},
  editor = {Редактор},
  author = {Автор}
}

@CONFERENCE{bib3000,
  author = {Автор},
  title = {название тезисов конференции},
  booktitle = {Название сборника},
  year = {2012},
}

@BOOKLET{bib4000,
  title = {Название буклета},
  nite = {Заметки}
}

@ARTICLE{bib5000,
  author = {Author1 and Author2 and Author3 and Author4},
  title = {``This is english article''},
  journal = {Journal},
  year = {2012},
  volume = {2},
  pages = {200},
  language = {english}
}

@BOOK{lpevzner,
  author = {Л.Д. Певзнер},
  title = {Практикум по теории автоматического управления},
  publisher = {М. Высшая школа},
  year = {2006},
  editor = {}
}

@BOOK{lpevzner1,
  author = {Л.Д. Певзнер and Е. П. Чураков},
  title = {Математические основы теории систем},
  publisher = {М. Высшая школа},
  year = {2009},
  editor = {}
}

@BOOK{Volkov,
  author = {Р. А. Волков and А. Н. Гнутов and В. К. Дьячков},
  title = {Конвейеры: Справочник},
  publisher = {Л.; Машиностроение},
  year = {1984},
  editor = {Ю. А. Пертена}
}

@book{sgershun,
  author = {С. В. Гершун},
  title = {Система автоматической стабилизации тягового фактора магистрального ленточного конвейера с двухдвигательным приводом},
  publisher = {Диссертация на соискание ученой степени магистра техники и технологии. Москва},
  year = {2009}
}

@book{vmamalyga,
  author = {В. М. Мамалыга},
  title = {Взаимосвязанная система управления многодвигательными ленточными конвейерами},
  publisher = {Диссертация на соискание ученой степени к. т. н. Киев},
  year = {1988}
}

@book{opetkov,
  author = {О. Н. Петков},
  title = {Разработка и исследование системы автоматического управления скоростью ленточного конвейера по входному грузопотоку},
  publisher = {Диссертация на соискание ученой степени к. т. н. Москва},
  year = {1984}
}

@book{isukharev,
  author = {И. А. Сухарев},
  title = {Система автоматического управления наклонным ленточным конвейером},
  publisher = {Диссертация на соискание ученой степени к. т. н. Днепропетровск},
  year = {2003}
}

@book{usokotnuk,
  author = {Ю. А. Сокотнюк},
  title = {Управление конвейерными линиями на базе асинхронного электропривода в рамках АСУ ТП},
  publisher = {Диссертация на соискание ученой степени к. т. н. Воронеж},
  year = {1990}
}

@book{sserikov,
  author = {С. А. Сериков},
  title = {Оптимальная адаптивная система управления электроприводами подвесных конвейеров},
  publisher = {Диссертация на соискание ученой степени к. т. н. Липецк},
  year = {2004}
}

@book{mcheremushkina,
  author = {М. С. Черемушкина},
  title = {Синтез алгоритмов управления многодвигательным электроприводом конвейерного транспорта с использованием полупроводниковых преобразователей},
  publisher = {Диссертация на соискание ученой степени к. т. н. Санкт-Петербург},
  year = {2009}
}

@book{vmartynov,
  author = {В. В. Мартынов},
  title = {Разработка алгоритмов и устройств автоматического контроля количества сыпучих материалов на ленте конвейера на основе деформации электрополей},
  publisher = {Диссертация на соискание ученой степени к. т. н. Москва},
  year = {2000}
}

@book{agorodetsky,
  author = {А. В. Городецкий},
  title = {Исследование влияния пускового режима на выбор параметров линейной части ленточного конвейера на ходовых опорах},
  publisher = {Диссертация на соискание ученой степени к. т. н. Жданов},
  year = {1985}
}

@book{iavdienko,
  author = {И. Н. Авдиенко},
  title = {Автоматизированное управление многоярусной конвейерной системой с композиционными полимерными лентами},
  publisher = {Диссертация на соискание ученой степени к. т. н. Санкт-Петербург},
  year = {2001},
}

@book{vkangin,
  author = {В. В. Кангин},
  title = {Повышение эффективности систем управления распределительными конвейерами и автоматизированными складами на основе структурного моделирования процессов и объектов},
  publisher = {Диссертация на соискание ученой степени к. т. н. Москва},
  year = {2002},
}

@book{asimons,
  author = {А. Симонс},
  title = {Разработка и научное обоснование параметров тормозного устройства мощных наклонных ленточных конвейеров},
  publisher = {Диссертация на соискание ученой степени к. т. н. Санкт-Петербург},
  year = {2001},
}

@book{vdmitrieva,
  author = {В. В. Дмитриева},
  title = {Разработка и исследование системы автоматической стабилизации погонной нагрузки магистрального конвейера},
  publisher = {Диссертация на соискание ученой степени к. т. н. Москва},
  year = {2005}
}

@article{vdmitrieva1,
  author = {В. В. Дмитриева},
  title = {Математическая модель магистрального конвейера как объекта управления и автоматизации},
  journal = {Горные машины и автоматика №7},
  year = {2001},
  language = {russian}
}

@article{vdmitrieva2,
  author = {В. В. Дмитриева},
  title = {Модель "магистральный конвейер – асинхронный привод" и анализ ее динамических процессов},
  journal = {Издательство МГГУ, депозит №348/05-04},
  year = {2004},
  language = {russian}
}

@book{lshakhmeyster,
  author = {Л. Г. Шахмейстер and В. Г. Дмитриев},
  title = {Расчет ленточных конвейеров для шахт и карьеров},
  publisher = {М.: издательство МГИ},
  year = {1982}
}

@book{maleksandrov,
  author = {М. П. Александров},
  title = {Подъемно-транспортные машины. Учебник для машиностроительных специальностей вузов},
  publisher = {М.: Высшая школа},
  year = {1985}
}

@book{maleksandrov1,
  author = {М. П. Александров},
  title = {Тормозные устройства. Справочник},
  publisher = {М.: Машиностроение},
  year = {1985}
}

@book{tarasov,
  author = {Ю. Д. Тарасов},
  title = {Тормозные и улавливающие устройства ленточных конвейеров},
  publisher = {Санкт-Петербург: Политехника},
  year = {1999}
}

@book{traube,
  author = {Е. С. Траубе and И. С. Найденко},
  title = {Тормозные устройства и безопасность шахтных под"ьемных машин},
  publisher = {М.: Недра},
  year = {1980}
}

@book{vbelfor,
  author = {В.Е. Бельфор},
  title = {Исследование переходных процессов в многоприводных ленточных конвейерах для горнорудных предприятий},
  publisher = {Диссертация на соискание ученой степени к. т. н. Москва},
  year = {1968}
}

@book{volchenko,
  author = {А. И. Вольченко},
  title = {Барабанно-колодочные тормозные устройства},
  publisher = {Львов, Изд-во при Львов ун-те},
  year = {1980}
}

@book{kaledin,
  author = {Н. В. Каледин and С. И. Кравцов and Ю. В. Гребешков},
  title = { Тормозные устройства шахтных подъемных установок},
  publisher = {Киев: Техника},
  year = {1982}
}

@book{izapenin1,
  author = {И. В. Запенин},
  title = {Исследование нестационарных процессов в мощных ленточных конвейерах},
  publisher = {Диссертация на соискание ученой степени к. т. н. Москва},
  year = {1966}
}

@book{izapenin2,
  author = {И. В. Запенин and В.Е. Бельфор and Ю. А. Селищев},
  title = {Моделирование переходных процессов ленточных конвейеров},
  publisher = {М.: Недра},
  year = {1969}
}

@book{vdmitriev,
  author = {Л. Г. Шахмейстер and В. Г. Дмитриев},
  title = {Теория и расчет ленточных конвейеров},
  publisher = {М.: Машиностроение},
  year = {1987}
}

@book{vdmitriev2,
  author = {Л. Г. Шахмейстер and В. Г. Дмитриев},
  title = {Элементы статистической динамики транспортных машин},
  publisher = {М.: Издательство МГИ},
  year = {1970}
}

@book{vdmitriev3,
  author = {В. Г. Дмитриев and В. И. Галкин and В. П. Дьяченко},
  title = {Современная теория ленточных конвейеров горных предприятий: Учебное пособие},
  publisher = {М.: Горная книга; Издательство МГГУ},
  year = {2011}
}

@book{vdmitriev4,
  author = {В. Г. Дмитриев and П. Н. Егоров and В. А. Малахов},
  title = {Основы автоматизации проектирования горных транспортных машин},
  publisher = {М.: Горная книга; Издательство МГГУ},
  year = {2004}
}

@BOOK{ipetrov,
  title = {Программируемые контроллеры. Стандартные языки и приемы прикладного проектирования},
  publisher = {М.:СОЛОН-Пресс},
  year = {2004},
  editor = {В. П. Дьяконов},
  author = {И. В. Петров}
}

@BOOK{dyakonov,
  title = {SIMULINK 4. Специальный справочник},
  publisher = {Санкт-Петербург: Питер},
  year = {2002},
  author = {В. П. Дьяконов}
}

@BOOK{dyakonov1,
  title = {Математические пакеты расширения Matlab. Специальный справочник},
  publisher = {Санкт-Петербург: Питер},
  year = {2001},
  author = {В. П. Дьяконов, В. В. Круглов}
}

@BOOK{kotkin,
  title = {Компьютерное моделирование физических процессов с использованием MATLAB},
  publisher = {Новосибирск, НГУ},
  year = {2001},
  author = {Г. Л. Коткин and В. С. Черкасский}
}

@BOOK{lazarev,
  title = {Моделирование процессов и систем в MATLAB},
  publisher = {Санкт-Петербург: Питер},
  year = {2005},
  author = {Ю. Лазарев}
}

@BOOK{Chen,
  title = {Matlab в математических исследованиях},
  publisher = {Москва: Мир},
  year = {2001},
  author = {К. Чен and П. Джиблин and А. Ивринг}
}

@BOOK{Mahnke,
  title = {OPC Unified Architecture},
  publisher = {Springer},
  year = {1999},
  author = {W. Mahnke and S. Leitner and M. Damm}
}

@BOOK{OPC,
  title = {Data Access Automation Interface Standard. Version 2.02},
  publisher = {OPC Foundation},
  year = {1994},
  author = {}
}

@BOOK{Romanov,
  title = {Основы языка программирования STEP7 и базового программного обеспечения промышленных контроллеров Siemens: Учебно-методическое пособие},
  publisher = {Новокузнецк: ФГОУ СПО "Кузнецкий индустриальный техникум"},
  year = {2009},
  author = {В. П. Романов}
}

@BOOK{SE,
  title = {Руководство по решениям в автоматизации. Практические аспекты систем управления технологическими процессами},
  publisher = {Schneider Electric S. A.},
  year = {2011},
  author = {Electric Schneider}
}

@BOOK{SE2,
  title = {Устройства плавного пуска и торможения Altistart 48 : Каталог},
  publisher = {Schneider Electric S. A.},
  year = {2002},
  author = {Electric Schneider}
}


@BOOK{bochkarev,
  title = {Быстродействующие электромеханические тормозные устройства для электродвигателей},
  publisher = {Москва: Энергоатомиздат},
  year = {2001},
  author = {И. В. Бочкарев}
}

@BOOK{siemens1,
  title = {Bereich Automatisierungstechnik: SIMATIC Komponenten für die Vollintegrierte Automation},
  publisher = {Siemens-Bestell-Nr.},
  year = {1997},
  author = {AG Siemens}
}

@BOOK{siemens2,
  title = {Автоматизация посредством STEP 7 с использованием STL и SCL и программируемых контроллеров SIMATIC S7-300/400},
  publisher = {Siemens-Bestell-Nr.},
  year = {2001},
  author = {Г. Бергер}
}

@BOOK{siemens3,
  title = {Система автоматизации S7-300. Данные модулей. Руководство},
  publisher = {Siemens-Bestell-Nr.},
  year = {2006},
  author = {AG Siemens}
}

@BOOK{siemens4,
  title = {SIMATIC S7-SCL V5.3 for S7-300/400. Manual},
  publisher = {Siemens-Bestell-Nr.},
  year = {2005},
  author = {AG Siemens}
}

@BOOK{siemens5,
  title = {SIMATIC NET. Основы промышленных беспроводных ЛВС. Системное руководство},
  publisher = {Siemens-Bestell-Nr.},
  year = {2008},
  author = {AG Siemens}
}

@BOOK{minaev,
  title = {Программируемые логические контроллеры в автоматизированных системах управления},
  publisher = {Ставрополь: АГРУС},
  year = {2010},
  author = {И. Г. Минаев and В. М. Шарапов and В. В. Самойленко and Д. Г. Ушкур}
}

@BOOK{mishel,
  title = {Программируемые контроллеры},
  publisher = {М.: Машиностроение},
  year = {1986},
  author = {Ж. Мишель and К. Лоржо and Б. Эспьо}
}

@BOOK{parr,
  title = {Программируемые контроллеры: руководство для инженера},
  publisher = {М.: БИНОМ},
  year = {2007},
  author = {Э. Парр}
}

@BOOK{denisenko,
  title = {Компьютерное управление технологическим процессом, экспериментом, оборудованием},
  publisher = {М: Горячая Линия-Телеком},
  year = {2009},
  author = {В. В. Денисенко}
}

@BOOK{EGaleev,
  title = {Оптимизация: теория, примеры, задачи},
  publisher = {М., «Эдиториал УРСС»},
  year = {2000},
  author = {Э. М. Галеев, В. М. Тихомиров}
}

@BOOK{AKrasovsky,
  title = {Справочник по теории автоматического управления},
  publisher = {М., Наука},
  year = {1987},
  editor = {А. А. Красовского},
  author = {А. А. Красовский}
}

@BOOK{tikhonov,
  title = {Транспортные машины горнорудных предприятий},
  publisher = {М., Недра},
  year = {1985},
  author = {Н. В. Тихонов}
}

@BOOK{Aevnevich,
  title = {Транспортные машины и комплексы. 3-е издание},
  publisher = {М.: Недра},
  year = {1975},
  author = {А. В. Евневич}
}

@BOOK{lshakhmeyster1,
  title = {Новые средства метрологии для проведения испытаний горно-шахтных машин и оборудования. Научные сообщения ННЦ ГП – ИГД им. А.А. Скочинского №324},
  year = {2003},
  author = {Ю. Л. Шахмейстер}
}

@BOOK{lshakhmeyster2,
  title = {Элементы статистической динамики транспортных машин},
  publisher = {М.: издательство МГИ},
  year = {1970},
  author = {Л. Г. Шахмейстер, В. Г. Дмитриев}
}

@BOOK{stadnik,
  title = {Справочник по автоматизации шахтного конвейерного транспорта},
  publisher = {К.: Техника},
  year = {1992},
  author = {Н. И. Стадник and В. Г. Ильюшенко and С. И. Егоров}
}

@BOOK{pukhov,
  title = {Транспортные машины},
  publisher = {М.: Недра},
  year = {1987},
  author = {Ю. С. Пухов}
}

@BOOK{Tolpezhnikov,
  title = {Автоматизация подземных горных работ},
  publisher = {М.: Недра},
  year = {1976},
  author = {Л. И. Толпежников}
}

@article{Tkach,
  author = {В. М. Ткач},
  title = {Опыт разработки и внедрения систем автоматического управления конвейерными линиями},
  journal = {Горный журнал, №5},
  year = {1994},
  language = {russian}
}

@BOOK{Kolesnikov,
  title = {Современная прикладная теория управления},
  publisher = {Москва-Таганрог: ТРТУ},
  year = {2000},
  author = {А. А. Колесников and Г.Е. Веселов and О.Т. Вавилов and Н.В. Балалаев}
}

@BOOK{Potemkin,
  title = {Система инженерных и научных расчетов MATLAB 5.x},
  publisher = {М.: Диалог – МИФИ},
  year = {1999},
  author = {В. Г. Потемкин}
}

@BOOK{Sivan,
  title = {Линейные оптимальные системы управления},
  publisher = {М.: Мир},
  year = {1977},
  author = {Х. Квакернаак and Р Сиван}
}

@BOOK{Sharonov,
  title = {Адаптивная система торможения рудничного электровоза},
  publisher = {Диссертация на соискание ученой степени к. т. н. Санкт-Петербург},
  year = {2001},
  author = {С. В. Шаронов}
}

@BOOK{Volodin,
  title = {Система микропроцессорного управления частотнорегулируемым электроприводом в режиме торможения},
  publisher = {Диссертация на соискание ученой степени к. т. н. Санкт-Петербург},
  year = {1992},
  author = {А. А. Володин}
}

@BOOK{babenko,
  title = {Цифровые системы управления},
  publisher = {Екатеринбург, издательство УГГГА},
  year = {2003},
  author = {А. Г. Бабенко}
}

@BOOK{andrievsky,
  title = {Избранные главы теории автоматического управления с примерами из MATLAB},
  publisher = {Санкт-Петербург: Наука},
  year = {1999},
  author = {Б. Р. Андриевский and А. П. Фратков}
}

@BOOK{besekersky,
  title = {Теория систем автоматического регулирования},
  publisher = {Санкт-Петербург: Профессия},
  year = {2004},
  author = {В. А. Бесекерский and Е. П. Попов}
}

@BOOK{alobacheva,
  title = {Динамика грузопотоков и регулирование скорости ленточного конвейера},
  publisher = {М.: Машиностроение},
  year = {1974},
  author = {А. К. Лобачева and Л. Г. Шахмейстер and В. Г. Дмитриев}
}

@BOOK{zelensky,
  title = {Справочник по проектированию ленточных конвейеров},
  publisher = {М.: Недра},
  year = {1986},
  author = {О. В. Зеленский and А. С. Петров}
}



@BOOK{bib2ee,
  title = {Название книги},
  publisher = {AG Siemens},
  year = {2012},
  editor = {Редактор},
  author = {Автор}
}