
@ARTICLE{bib1,
  author = {В. В. Дмитриева, Р. А. Бухаров},
  title = {Микропроцессорная система управления скоростью движения ленты конвейера},
  journal = {Горный информационно-аналитический бюллетень. Mining informational and analytical bulletin.},
  year = {2011.--№10}
}

@ARTICLE{bib2,
  author = {Р. А. Бухаров},
  title = {Методы управления скоростью движения ленты магистрального конвейера},
  journal = {Горный информационно-аналитический бюллетень. Mining informational and analytical bulletin.},
  year = {2012.--№12}
}

@ARTICLE{bib3,
  author = {Р. А. Бухаров},
  title = {Интеграция среды моделирования simulink и аппаратного обеспечения систем управления на примере контроллера siemens s7-200},
  journal = {Горный информационно-аналитический бюллетень. Mining informational and analytical bulletin.},
  year = {2014.--№2}
}

@ARTICLE{bib4,
  author = {Р. А. Бухаров},
  title = {Разработка и компьютреное моделирование алгоритма управления торможением шахтного ленточного конвейера, обеспечивающего отсутствие проскальзывания ленты},
  journal = {Горный информационно-аналитический бюллетень. Mining informational and analytical bulletin.},
  year = {2014.--№n}
}

@ARTICLE{bib6,
  author = {Р. А. Бухаров},
  title = {Разработка и компьютерное моделирование алгоритма управления для оптимизации процесса торможения магистрального ленточного конвейера},
  journal = {Научный вестник МГГУ},
  year = {2014.--№3}
}

@ARTICLE{bib7,
  author = {В. В. Дмитриева, Р. А. Бухаров},
  title = {Интеграция среды моделирования simulink и аппаратного обеспечения систем управления},
  journal = {Научный вестник МГГУ},
  year = {2011.--№10}
}

@ARTICLE{bib8,
  author = {В. В. Дмитриева, Р. А. Бухаров},
  title = {Микропроцессорная система управления скоростью движения ленты конвейера},
  journal = {Кафедре <<Автоматики и управления в технических системах>> Московского государственного горного университета -- 50 лет},
  year = {2010}
}

@ARTICLE{bib9,
  author = {В. В. Дмитриева, Р. А. Бухаров},
  title = {Методика компьютерной имитации системы стабилизации тягового фактора ленточного конвейера},
  journal = {Горный информационно-аналитический бюллетень. Mining informational and analytical bulletin.},
  year = {2015.--№1}
}